@conference{samuels:oss16,
  author =    {Allen Samuels},
  title =     {{{The Consequences of Infinite Storage Bandwidth}}},
  booktitle = {{{OpenStack Summit 2016}}},
  series = {OpenStack '16},
  year = {2016},
}

@inproceedings{xu:fast16-nova,
  title     = {{{NOVA: A Log-structured File System for Hybrid Volatile/Non-volatile Main Memories}}},
  author    = {Xu, Jian and Swanson, Steven},
  booktitle = {{{14th Conference on File and Storage Technologies}}},
  series    = {FAST '15},
}

@inproceedings{bauer:sc12-legion,
  title     = {{{Legion: Expressing Locality and Independence with Logical Regions}}},
  author    = {Bauer, Michael and Treichler, Sean and Slaughter, Elliott and Aiken, Alex},
  booktitle = {{{Proceedings of the International Conference on High Performance Computing, Networking, Storage and Analysis}}},
  series    = {SC '12},
}

@inproceedings{sevilla:es17-malac,
  title     = {{{Malacology: A Programmable Storage System}}},
  author    = {Sevilla, Michael A and Watkins, Noah and Jimenez, Ivo and Alvaro, Peter and Finkelstein, Shel and LeFevre, Jeff and Maltzahn, Carlos},
  booktitle = {{{Proceedings of the Twelfth European Conference on Computer Systems}}},
  series    = {EuroSys '17},
}

@inproceedings {watkins:hot17-declstor,
  title     = {{{DeclStore: Layering Is for the Faint of Heart}}},
  author    = {Noah Watkins and Michael A. Sevilla and Ivo Jimenez and Kathryn Dahlgren and Peter Alvaro and Shel Finkelstein and Carlos Maltzahn},
  booktitle = {{{9th USENIX Workshop on Hot Topics in Storage and File Systems}}},
  series    = {HotStorage '17},
}

